<record><leader>00000cas a22000007a 4500</leader><controlfield tag="001">13001771</controlfield><controlfield tag="008">860110d193u1949wiuwr ne      0    0eng d</controlfield><datafield ind1=" " ind2=" " tag="010"><subfield code="a">sn 86086059 </subfield></datafield><datafield ind1=" " ind2=" " tag="040"><subfield code="a">NPV</subfield><subfield code="b">eng</subfield><subfield code="c">NPV</subfield><subfield code="d">OCL</subfield><subfield code="d">OCLCQ</subfield></datafield><datafield ind1=" " ind2=" " tag="042"><subfield code="a">msc</subfield></datafield><datafield ind1=" " ind2=" " tag="045"><subfield code="a">x3x4</subfield></datafield><datafield ind1=" " ind2=" " tag="052"><subfield code="a">4123</subfield><subfield code="b">M6</subfield></datafield><datafield ind1="0" ind2="4" tag="245"><subfield code="a">The Reminder.</subfield></datafield><datafield ind1=" " ind2=" " tag="260"><subfield code="a">Cudahy, Wis. :</subfield><subfield code="b">L.R. Stonek,</subfield><subfield code="c">-1949.</subfield></datafield><datafield ind1=" " ind2=" " tag="300"><subfield code="a">v. :</subfield><subfield code="b">ill.</subfield></datafield><datafield ind1=" " ind2=" " tag="310"><subfield code="a">Weekly</subfield></datafield><datafield ind1="0" ind2=" " tag="362"><subfield code="a">-v. 26, no. 6 (Feb. 10, 1949).</subfield></datafield><datafield ind1=" " ind2=" " tag="500"><subfield code="a">"Official publication of Cudahy."</subfield></datafield><datafield ind1=" " ind2=" " tag="500"><subfield code="a">Editors: L.R. Stonek, Feb. 9, 1939-June 29, 1939; S. Kalagian, July 6, 1939-July 11, 1940; L.R. Stonek, &lt;Jan. 15, 1942&gt;-July 6, 1945, Nov. 6, 1947-Feb. 10, 1949.</subfield></datafield><datafield ind1=" " ind2=" " tag="515"><subfield code="a">Numbering is irregular.</subfield></datafield><datafield ind1=" " ind2=" " tag="530"><subfield code="a">Available on microfilm from The State Historical Society of Wisconsin.</subfield></datafield><datafield ind1=" " ind2=" " tag="588"><subfield code="a">Description based on: Nov. 8, 1934.</subfield></datafield><datafield ind1=" " ind2=" " tag="752"><subfield code="a">United States</subfield><subfield code="b">Wisconsin</subfield><subfield code="c">Milwaukee</subfield><subfield code="d">Cudahy.</subfield></datafield><datafield ind1="0" ind2="0" tag="785"><subfield code="t">Reminder press</subfield><subfield code="w">(DLC)sn 86086060</subfield></datafield><datafield ind1="1" ind2=" " tag="029"><subfield code="a">AU@</subfield><subfield code="b">000023526967</subfield></datafield></record>